<?xml version="1.0" encoding="UTF-8"?><collection xmlns="http://www.loc.gov/MARC21/slim"><record><leader>00463nam--2200169-i-4500</leader><controlfield tag="001">000019389</controlfield><controlfield tag="002">20161230</controlfield><controlfield tag="005">20161230201033</controlfield><controlfield tag="008">060222s1000------------r-----000-0-eng-d</controlfield><datafield ind1=" " ind2=" " tag="040"><subfield code="a">IFIN-HH</subfield></datafield><datafield ind1=" " ind2=" " tag="080"><subfield code="a">015:535-1:621.373</subfield></datafield><datafield ind1="1" ind2=" " tag="100"><subfield code="a">Falk, Joel</subfield></datafield><datafield ind1="1" ind2="0" tag="245"><subfield code="a">Studies of optical parametric sources. thesis</subfield><subfield code="c">Joel falk</subfield></datafield><datafield ind1=" " ind2=" " tag="260"><subfield code="a">Ann Arbor, Michigan</subfield><subfield code="b">University Microfilms</subfield><subfield code="c">1970</subfield></datafield><datafield ind1=" " ind2=" " tag="300"><subfield code="a">IX + 69 P</subfield></datafield><datafield ind1=" " ind2=" " tag="852"><subfield code="a">37083</subfield><subfield code="c">535</subfield></datafield><datafield ind1=" " ind2=" " tag="CAT"><subfield code="a">Sys</subfield><subfield code="c">20101103</subfield><subfield code="h">135612</subfield></datafield></record></collection>